@inproceedings{pak2010twitter,
  title={Twitter as a corpus for sentiment analysis and opinion mining.},
  author={Pak, Alexander and Paroubek, Patrick},
  booktitle={LREc},
  volume={10},
  number={2010},
  pages={1320--1326},
  year={2010}
}
@article{fang2015sentiment,
  title={Sentiment analysis using product review data},
  author={Fang, Xing and Zhan, Justin},
  journal={Journal of Big Data},
  volume={2},
  number={1},
  pages={5},
  year={2015},
  publisher={Nature Publishing Group}
}
@site{dataset,
  title={Data for Everyone},
  url={https://www.figure-eight.com/data-for-everyone/},
  note = {(Accessed on 05/27/2019)}
}
@article{scikit-learn,
 title={{Scikit-learn: Machine Learning in Python }},
 author={Pedregosa, F. and Varoquaux, G. and Gramfort, A. and Michel, V.
         and Thirion, B. and Grisel, O. and Blondel, M. and Prettenhofer, P.
         and Weiss, R. and Dubourg, V. and Vanderplas, J. and Passos, A. and
         Cournapeau, D. and Brucher, M. and Perrot, M. and Duchesnay, E.},
 journal={Journal of Machine Learning Research},
 volume={12},
 pages={2825--2830},
 year={2011}
}
@site{TheRando29,
title = {The Random Forest Algorithm â€“ Towards Data Science},
url = {https://towardsdatascience.com/the-random-forest-algorithm-d457d499ffcd},
note = {(Accessed on 05/27/2019)}
}
@article{Brownlee,
author = {Jason Brownlee},
title = {Bagging and Random Forest Ensemble Algorithms for Machine Learning},
howpublished = {\url{https://machinelearningmastery.com/bagging-and-random-forest-ensemble-algorithms-for-machine-learning/}},
month = {April},
year = {2016},
day = {22}
}